@article{cichellaMain,
	author = {Cichella, V. and Choe, R. and Mehdi, S. B. and Xargay, E. and Hovakimyan, N. and Dobrokhodov, V. and Kaminer, I. and Pascoal, A. M. and Aguiar, A. P.},
	title = {{Safe coordinated manuvering of teams of multirotor unmanned aerial vehicles}},
	journal = {IEE Control systems magazine},
	year = {2016},
	month = {August},
}

@article{trajGeneration1,
	author = {Choe, R. and Puig-Navarro, J. and Cichella, V. and Xargay, E. and Hovakimyan, N.},
	title = {{Trajectory generation using spatial Pythagorean Hodograph Bezier curves}},
	journal = {in Proc. AIAA Guidance, Navigation and Control Conf., Kissimmee, FL},
	year = {2015},
	key = {AIAA 2015-0597},
}

@article{trajGeneration2,
	author = {Taranenko, V. T.},
	title = {{Experience of Employment of Ritz’s, Poincare’s, and Lyapunov’s Methods for Solving Flight Dynamics Problems}},
	journal = {Moscow: Air Force Engineering Academy Press},
	year = {1968},
	key = {AIAA 2015-0597},
}

@article{trajGeneration3,
	author = {Yakimenko, O. A.},
	title = {{Direct method for rapid prototyping of near-optimal aircraft trajectories}},
	journal = {J. Guidance, Control Dyn.},
	year = {2000},
	volume = {23},
	number = {5},
	pages = {865-875},
	month = {Sept.-Oct.},
}

@book{graphBook,
	author = {Biggs, N.},
	title = {{Algebraic Graph Theory}},
	publisher = {New York: Cambridge Univ. Press},
	year = {1993},
}

@misc{pixhawk,
  author = {Meier, L.},
  title = {{Pixhawk autopilot}},
	year = {2008},
  howpublished = "\url{http://www.pixhawk.org}"
}

@misc{edison,
  author = {Intel},
  title = {{Intel Edison Compute Module}},
	year = {2014},
  howpublished = "\url{https://software.intel.com/en-us/iot/hardware/edison}"
}

@misc{raspberry,
  author = {Raspberry Pi Foundation},
  title = {{Raspberry Pi Zero}},
	year = {2015},
  howpublished = "\url{https://www.raspberrypi.org/products/pi-zero/}"
}

@misc{optitrack,
  author = {Motive},
  title = {{Optitrack}},
  howpublished = "\url{http://optitrack.com/products/motive/}"
}

@misc{prime13,
  author = {Motive},
  title = {{Prime 13}},
  howpublished = "\url{http://optitrack.com/products/prime-13/}"
}

@misc{netgear,
  author = {Netgear},
  title = {{Prosafe 28PT GE POE}},
  howpublished = "\url{https://www.netgear.com}"
}
